<?xml version="1.0" encoding="UTF-8"?><collection xmlns="http://www.loc.gov/MARC21/slim"><record><leader>00389nam--2200121-i-4500</leader><controlfield tag="001">000028319</controlfield><controlfield tag="002">20161230</controlfield><controlfield tag="005">20161230201037</controlfield><controlfield tag="008">060222s1000------------r-----000-0-eng-d</controlfield><datafield ind1=" " ind2=" " tag="100"><subfield code="a">Lejay, Pierre R.P</subfield></datafield><datafield ind1=" " ind2=" " tag="245"><subfield code="a">Developpements modernes de la gravimetrie. nouvelles methodes de mesures de la pesanteur, la forme de la terre</subfield></datafield><datafield ind1=" " ind2=" " tag="260"><subfield code="a">Paris, Gauthier-villars, 1947, Xi + 243p</subfield></datafield><datafield ind1=" " ind2=" " tag="852"><subfield code="a">10377</subfield></datafield></record></collection>